@phdthesis{ambuludi2018aplicacion,
  title={Aplicaci{\'o}n de Algoritmos Gen{\'e}ticos para la optimizaci{\'o}n de problemas combinatorios},
  author={Ambuludi Olmedo, Juan Andr{\'e}s},
  year={2018}
}

@article{cicerchia2017problemas,
  title={Problemas de optimizaci{\'o}n combinatoria: una propuesta que combina algoritmos gen{\'e}ticos y metaheur{\'\i}sticas},
  author={Cicerchia, Lucas Benjam{\'\i}n and Esnaola, Leonardo Martin and Tessore, Juan Pablo and Ram{\'o}n, Hugo D and Russo, Claudia Cecilia and Mart{\'\i}nez, Crisitian Alejandro},
  year={2017}
}

@article{rodriguez2016generacion,
  title={Generaci{\'o}n Autom{\'a}tica De Casos De Prueba Para Test De Una GUI Usando Colonia De Hormigas y Metaheur{\'\i}stica Golosa},
  author={Rodriguez, Jose and Rodriguez, Glen},
  year={2016},
  publisher={Universidad Nacional Tecnol{\'o}gica de Lima Sur}
}

@article{macias2016generador,
  title={Generador de valores de casos de prueba funcionales},
  author={Mac{\'\i}as-Rojas, Arloys and Delgado-Dapena, Martha Dunia and Fajardo-Calder{\'\i}n, Jenny and Larrosa-Uribazo, Danay},
  journal={L{\'a}mpsakos},
  number={15},
  pages={51--58},
  year={2016}
}

@misc{aprendizaje,
title = {Algoritmos de aprendizaje autom√°tico},
howpublished = "url{https://azure.microsoft.com/es-es/overview/machine-learning-algorithms}",
}
