@Book{Turing,
    author = {B. Jack Copeland},
    year = 2004,
    title = {The Essential Turing},
    publisher = {Oxford University Press},
}

@Article{OptimizacionCombinatoria,
    author = {José Pedro García},
    title = {OptimizacionCombinatoria},
    journal = {Universidad Politécnica de Valencia},
    year = {2006}
}

@Article{EAsoftwareevaluation,
    author = {Boris Kontsevoi},
    title = {The ultimate way to effective software evaluation},
    journal = {Unknow},
    year = {2018}
}

@article{GRASP,
author = {Feo, Thomas and Resende, Mauricio},
year = {1995},
month = {03},
pages = {109-133},
title = {Greedy Randomized Adaptive Search Procedures},
volume = {6},
journal = {Journal of Global Optimization},
doi = {10.1007/BF01096763}
}

@article{RecocidoSimulado,
  title={Optimization by simulated annealing: An experimental evaluation; part I, graph partitioning},
  author={Johnson, David S and Aragon, Cecilia R and McGeoch, Lyle A and Schevon, Catherine},
  journal={Operations research},
  volume={37},
  number={6},
  pages={865--892},
  year={1989},
  publisher={INFORMS}
}

@book{AlgGen,
  title={Introducci{\'o}n a los algoritmos gen{\'e}ticos y la programaci{\'o}n gen{\'e}tica},
  author={Marcos; Rivero Gestal (Daniel; Rabu{\~n}al, Juan Ram{\'o}n; Dorado, Juli{\'a}n; Pazos, Alejandro) and Gestal, Marcos},
  year={2010},
  publisher={Universidade da Coru{\~n}a}
}

@article{EOAgomez2014metaheuristicas,
  title={Las metaheur{\'\i}sticas: tendencias actuales y su aplicabilidad en la ergonom{\'\i}a},
  author={G{\'o}mez, Mervyn M{\'a}rquez},
  journal={Ingenier{\'\i}a Industrial. Actualidad y Nuevas Tendencias},
  volume={4},
  number={12},
  pages={108--120},
  year={2014},
  publisher={Universidad de Carabobo}
}
